%%%%%%%%%%%%%%%%%%%%%%%%%%%%%%%%%%%%%%%%%%%%%%%%%%%%%%%%%%%%%%%%%%%%%
% In English:
%    Bibliography template.
%
% In Portuguese:
%    Modelo de bibliografaa
%
%%%%%%%%%%%%%%%%%%%%%%%%%%%%%%%%%%%%%%%%%%%%%%%%%%%%%%%%%%%%%%%%%%%%%

@book{livroWeldon,
	author  	= {Buscema, M. and Lodwick, W. A. and Breda, M. and Guilia, M. and Newman, F. and Asadi, M. },
	title		= {Artificial Adaptive Systems Using Auto Contractive Maps: Theory, Applications and Extensions},
	publisher	= {Springer-Verlag},
	year	 	= {2018},
	doi			= {https://doi.org/10.1007/978-3-319-75049-1},
	address		= {New York}
}

@book{livroGoodFellow,
	author  	= {Goodfellow, I. and Bengio, Y. and Courville, A.},
	title		= {Deep Learning},
	publisher	= {MIT press},
	year	 	= {2016},
	address		= {Massachussets}
}


@misc{blogThiago, 
	title		= {Kaggle - {O} que {\'e}? {C}omo funciona?},
	url			= {http://tirandolicoesdetudo.com.br/kaggle-o-que-e-como-funciona}, 
	publisher	= {TLT - Tirando {Li\c{c}\~oes} de Tudo}, 
	author 		= {Ribeiro, Thiago}, 
	year		= {2018}
}

@article{Chandola:2009,
	author 		= {Chandola, Varun and Banerjee, Arindam and Kumar, Vipin},
	title		= {Anomaly Detection: A Survey},
	journal 	= {ACM Comput. Surv.},
	issue_date 	= {July 2009},
	volume 		= {41},
	number 		= {3},
	month 		= {jul},
	year 		= {2009},
	issn 		= {0360-0300},
	pages 		= {15:1--15:58},
	articleno 	= {15},
	numpages 	= {58},
	url 		= {http://doi.acm.org/10.1145/1541880.1541882},
	doi 		= {10.1145/1541880.1541882},
	acmid 		= {1541882},
	publisher 	= {ACM},
	address 	= {New York, NY, USA},
	keywords 	= {Anomaly detection, outlier detection},
}



@InProceedings{Aleskerov97,
	author 		= {Aleskerov, Emin and Freisleben, Bernd and Rao, Bharat},
	year 		= {1997},
	month 		= {04},
	pages 		= {220 - 226},
	title 		= {CARDWATCH: A neural network based database mining system for credit card fraud detection},
	booktitleaddon 	= {\textit{Proceedings of IEEE/IAFE Conference on Computational Intelligence for Financial Engineering}},
	isbn 		= {0-7803-4133-3},
	doi 		= {10.1109/CIFER.1997.618940}
}

@article{Edgeworth87,
	author 		= { F.Y.   Edgeworth~M.A. },
	title 		= {XLI. On discordant observations},
	journal		= {The London, Edinburgh, and Dublin Philosophical Magazine and Journal of Science},
	volume 		= {23},
	number 		= {143},
	pages 		= {364-375},
	year  		= {1887},
	publisher 	= {Taylor \& Francis},
	doi 		= {10.1080/14786448708628471},
	URL 		= {https://doi.org/10.1080/14786448708628471},
	eprint 		= {https://doi.org/10.1080/14786448708628471}
}

@article{fraudeItalia1,
	author 		= {Mennini, F. S. and Gittoa, L. and Russoa S. and Cicchetti, A. and Ruggeri, M. and Coretti, S. and Maurelli, G. and Buscema, P. M.},
	title 		= {Does regional belonging explain the similarities in the expenditure determinants of Italian healthcare deliveries? An approach based on Artificial Neural Networks},
	journal		= {Economic Analysis and Policy},
	year  		= {2017},
	publisher 	= {Elsevier},
}

@article{fraudeItalia2,
	author 		= {Mennini, F. S. and Gittoa, L. and Russoa S. and Cicchetti, A. and Ruggeri, M. and Coretti, S. and Maurelli, G. and Buscema, P. M.},
	title 		= {Artificial neural networks and their potentialities in analyzing budget health data: an application for Italy of what-if theory},
	year  		= {2016},
	publisher 	= {Springer Science},
	journal = {Quality \& Quantity: International Journal of Methodology},
	volume = {51},
	number = {3},
    pages = {1261-1276}
	}

@misc{TCCKleber,
	title		= {O {m\'etodo} de Levenberg-Marquardt {estoc\'astico} aplicado {\`a} redes neurais artificiais},
	author		= {Benatti, K. A. and Nazar{\'e}, T. S. and Bueno, L. F.},
	year		= {2019},
	note		= {Artigo submetido}
}

@misc{TCCLF,
	title		= {Stochastic Variance Reduction with Adaptive Optimization Methods},
	author		= {Dos Santos, L. F. and Bueno, L. F.},
	year		= {2019},
	note		= {Artigo submetido}
}

@techreport{bmLS, 
	title		= {On the complexity of solving feasibility problems},
	url			= {http://www.optimization-online.org/DB\_HTML/2018/11/6929.html}, 
	publisher	= {Optimization Online}, 
	author 		= {Bueno, L. F. and Mart{\'i}nez, J. M.}, 
	year		= {2018}
}


@book{griva,
	author  	= {Griva, I. and Sofer, A. and Nash, S. G.},
	title		= {Linear and Nonlinear Optimization},
	publisher	= {Society for Industrial and Applied Mathematics},
	year	 	= {2008},
}