%%%%%%%%%%%%%%%%%%%%%%%%%%%%%%%%%%%%%%%%%%%%%%%%%%%%%%%%%%%%%%%%%%%%%
% In English:
%    Bibliography template.
%
% In Portuguese:
%    Modelo de bibliografaa
%
%%%%%%%%%%%%%%%%%%%%%%%%%%%%%%%%%%%%%%%%%%%%%%%%%%%%%%%%%%%%%%%%%%%%%

@book{livroGoodFellow,
	author  	= {Goodfellow, I. and Bengio, Y. and Courville, A.},
	title		= {Deep Learning},
	publisher	= {MIT press},
	year	 	= {2016},
	address		= {Massachussets}
}

@article{Chandola:2009,
	author 		= {Chandola, Varun and Banerjee, Arindam and Kumar, Vipin},
	title		= {Anomaly Detection: A Survey},
	journal 	= {ACM Comput. Surv.},
	issue_date 	= {July 2009},
	volume 		= {41},
	number 		= {3},
	month 		= {7},
	year 		= {2009},
	issn 		= {0360-0300},
	pages 		= {15:1--15:58},
	articleno 	= {15},
	numpages 	= {58},
	url 		= {http://doi.acm.org/10.1145/1541880.1541882},
	doi 		= {10.1145/1541880.1541882},
	acmid 		= {1541882},
	publisher 	= {ACM},
	address 	= {New York, NY, USA},
	keywords 	= {Anomaly detection, outlier detection},
}

@techreport{bmLS, 
	title		= {On the complexity of solving feasibility problems},
	url			= {http://www.optimization-online.org/DB\_HTML/2018/11/6929.html}, 
	publisher	= {Optimization Online}, 
	author 		= {Bueno, L. F. and Mart{\'i}nez, J. M.}, 
	year		= {2018}
}








